<?xml version="1.0" encoding="UTF-8"?><collection xmlns="http://www.loc.gov/MARC21/slim"><record><leader>00325nam--2200121-i-4500</leader><controlfield tag="001">000033817</controlfield><controlfield tag="002">20161230</controlfield><controlfield tag="005">20161230201039</controlfield><controlfield tag="008">060222s1000------------r-----000-0-eng-d</controlfield><datafield ind1=" " ind2=" " tag="100"><subfield code="a">Moore, H.And Allen, H.S</subfield></datafield><datafield ind1=" " ind2=" " tag="245"><subfield code="a">A text-book of practical physics. third edition</subfield></datafield><datafield ind1=" " ind2=" " tag="260"><subfield code="a">London, Macmillan, 1949, Xv + 591p</subfield></datafield><datafield ind1=" " ind2=" " tag="852"><subfield code="a">2037</subfield></datafield></record></collection>